Automatically generated by Mendeley Desktop 1.16.3
Any changes to this file will be lost if it is regenerated by Mendeley.

BibTeX export options can be customized via Preferences -> BibTeX in Mendeley Desktop

@book{sawada,
author = {沢田, 昭夫},
number = {604},
publisher = {講談社},
series = {講談社学術文庫},
title = {論文のレトリック : わかりやすいまとめ方},
url = {http://ci.nii.ac.jp/ncid/BN02755011},
year = {1983},
pages = {500},
edition = {2}
}

@book{lunde2009,
address = {Sebastopol},
author = {Lunde, Ken},
publisher = {O'Reilly Media},
title = {CJKV Information Processing},
year = {2009},
pages = {600},
edition = {2nd}
}

@incollection{ukai2002,
author = {鵜飼, 保雄},
title = {遺伝率の相対性},
booktitle = {量的形質の遺伝解析},
publisher = {医学出版},
year = {2002},
pages = {109--110},
edition = {3}
}

@incollection{harrison2001,
author = {Harrison, B.R.},
title = {Risks of handling cytotoxic drugs},
booktitle = {The Chemotherapy Source Book},
edition = {3},
publisher = {Lippincott Williams \& Wilkins},
year = {2001},
pages = {566--580}
}

@article{matsubara1967,
author = {松原, 達哉 and 小林, 芳郎},
journal = {心理学研究},
number = {6},
pages = {359--363},
title = {かな文字の見やすさに関する研究},
volume = {37},
year = {1967}
}

@article{sjoblom2016,
author = {Sjoblom, Amanda M. and Eaton, Elizabeth and Stagg, Steven D.},
journal = {British Journal of Educational Psychology},
keywords = {dyslexia,typography},
number = {4},
pages = {630--639},
title = {The Effects of Letter Spacing and Coloured Overlays on Reading Speed and Accuracy in Adult Dyslexia},
volume = {86},
year = {2016}
}

@conference{takeda2005,
author = {武田, 徹},
title = {位相X線イメージングを用いた生体試料観察},
booktitle = {Ｘ線位相利用計測における最近の展開II},
address = {つくば市},
month = {2005-05-12/13},
organization = {高エネルギー加速器研究機構},
publisher = {出版社},
year = {2005},
pages = {90--92}
}

@conference{smith2003,
author = {Smith, Geoffrey L.},
title = {Vaccinia virus movement in cells},
booktitle = {Microbial Subversion of Host Cells: Sixty-second Symposium of the Society for General Microbiology},
address = {Edingburgh, UK},
month = {2003-04-10/11},
publisher = {Cambridge University Press},
year = {2003},
pages = {69--85}
}
